@article{riedel2013relation,
  title={Relation extraction with matrix factorization and universal schemas},
  author={Riedel, Sebastian and Yao, Limin and McCallum, Andrew and Marlin, Benjamin M},
  year={2013}
}

@inproceedings{berant2014semantic,
  title={Semantic Parsing via Paraphrasing.},
  author={Berant, Jonathan and Liang, Percy},
  booktitle={ACL (1)},
  pages={1415--1425},
  year={2014}
}

@inproceedings{berant2013semantic,
  title={Semantic Parsing on Freebase from Question-Answer Pairs.},
  author={Berant, Jonathan and Chou, Andrew and Frostig, Roy and Liang, Percy},
  booktitle={EMNLP},
  volume={2},
  number={5},
  pages={6},
  year={2013}
}

@inproceedings{yao2015lean,
  title={Lean Question Answering over Freebase from Scratch.},
  author={Yao, Xuchen},
  booktitle={HLT-NAACL},
  pages={66--70},
  year={2015}
}

@article{pasupat2015compositional,
  title={Compositional semantic parsing on semi-structured tables},
  author={Pasupat, Panupong and Liang, Percy},
  journal={arXiv preprint arXiv:1508.00305},
  year={2015}
}

@article{fujita2014overview,
  title={Overview of Todai robot project and evaluation framework of its NLP-based problem solving},
  author={Fujita, Akira and Kameda, Akihiro and Kawazoe, Ai and Miyao, Yusuke},
  journal={World History},
  volume={36},
  pages={36},
  year={2014}
}

@inproceedings{kushman2014learning,
  title={Learning to automatically solve algebra word problems},
  author={Kushman, Nate and Artzi, Yoav and Zettlemoyer, Luke and Barzilay, Regina},
  year={2014},
  organization={Association for Computational Linguistics}
}

@inproceedings{misra2015environment,
  title={Environment-Driven Lexicon Induction for High-Level Instructions.},
  author={Misra, Dipendra Kumar and Tao, Kejia and Liang, Percy and Saxena, Ashutosh},
  booktitle={ACL (1)},
  pages={992--1002},
  year={2015}
}

@inproceedings{tian2014logical,
  title={Logical Inference on Dependency-based Compositional Semantics.},
  author={Tian, Ran and Miyao, Yusuke and Matsuzaki, Takuya},
  booktitle={ACL (1)},
  pages={79--89},
  year={2014}
}

@inproceedings{kawazoe2013world,
  title={World history ontology for reasoning truth/falsehood of sentences: Event classification to fill in the gaps between knowledge resources and natural language texts},
  author={Kawazoe, Ai and Miyao, Yusuke and Matsuzaki, Takuya and Yokono, Hikaru and Arai, Noriko},
  booktitle={JSAI International Symposium on Artificial Intelligence},
  pages={42--50},
  year={2013},
  organization={Springer}
}

@article{molla2007question,
  title={Question answering in restricted domains: An overview},
  author={Moll{\'a}, Diego and Vicedo, Jos{\'e} Luis},
  journal={Computational Linguistics},
  volume={33},
  number={1},
  pages={41--61},
  year={2007},
  publisher={MIT Press}
}

@inproceedings{branavan2012learning,
  title={Learning high-level planning from text},
  author={Branavan, SRK and Kushman, Nate and Lei, Tao and Barzilay, Regina},
  booktitle={Proceedings of the 50th Annual Meeting of the Association for Computational Linguistics: Long Papers-Volume 1},
  pages={126--135},
  year={2012},
  organization={Association for Computational Linguistics}
}

@inproceedings{johnson2016malmo,
  title={The malmo platform for artificial intelligence experimentation},
  author={Johnson, Matthew and Hofmann, Katja and Hutton, Tim and Bignell, David},
  booktitle={International joint conference on artificial intelligence (IJCAI)},
  pages={4246},
  year={2016}
}

@inproceedings{mikolov2013distributed,
  title={Distributed representations of words and phrases and their compositionality},
  author={Mikolov, Tomas and Sutskever, Ilya and Chen, Kai and Corrado, Greg S and Dean, Jeff},
  booktitle={Advances in neural information processing systems},
  pages={3111--3119},
  year={2013}
}

@article{mikolov2013efficient,
  title={Efficient estimation of word representations in vector space},
  author={Mikolov, Tomas and Chen, Kai and Corrado, Greg and Dean, Jeffrey},
  journal={arXiv preprint arXiv:1301.3781},
  year={2013}
}

@article{tian2016learning,
  title={Learning semantically and additively compositional distributional representations},
  author={Tian, Ran and Okazaki, Naoaki and Inui, Kentaro},
  journal={arXiv preprint arXiv:1606.02461},
  year={2016}
}

@article{roth2016neural,
  title={Neural semantic role labeling with dependency path embeddings},
  author={Roth, Michael and Lapata, Mirella},
  journal={arXiv preprint arXiv:1605.07515},
  year={2016}
}

@article{dumont2016question,
  title={Question-Answering with Logic Specific to Video Games},
  author={Dumont, Corentin and Tian, Ran and Inui, Kentaro},
  year={2016},
  organization={Language Resources and Evaluation Conference}
}

@article{dumont2016ontology,
  title={An Ontology for Question-Answering on Minecraft},
  author={Dumont, Corentin and Tian, Ran and Inui, Kentaro},
  year={2016},
  organization={The Association for Natural Language Processing}
}

@inproceedings{clarke2010driving,
  title={Driving semantic parsing from the world's response},
  author={Clarke, James and Goldwasser, Dan and Chang, Ming-Wei and Roth, Dan},
  booktitle={Proceedings of the fourteenth conference on computational natural language learning},
  pages={18--27},
  year={2010},
  organization={Association for Computational Linguistics}
}

@article{aghaebrahimianopen,
  title={Open-domain Factoid Question Answering via Knowledge Graph Search},
  author={Aghaebrahimian, Ahmad and Jurc{\i}cek, Filip}
}

@inproceedings{gomez2014graph,
  title={Graph Based Approach for the Question Answering Task Based on Entrance Exams.},
  author={G{\'o}mez-Adorno, Helena and Sidorov, Grigori and Pinto, David and Gelbukh, Alexander F},
  booktitle={CLEF (Working Notes)},
  pages={1395--1403},
  year={2014},
  organization={Citeseer}
}

@inproceedings{hixon2015learning,
  title={Learning Knowledge Graphs for Question Answering through Conversational Dialog.},
  author={Hixon, Ben and Clark, Peter and Hajishirzi, Hannaneh},
  booktitle={HLT-NAACL},
  pages={851--861},
  year={2015}
}

@inproceedings{molla2005learning,
  title={Learning of graph rules for question answering},
  author={Moll{\'a}, Diego and Van Zaanen, Menno},
  booktitle={Proceedings of the Australasian Language Technology Workshop},
  volume={92},
  year={2005}
}

@inproceedings{molla2006learning,
  title={Learning of graph-based question answering rules},
  author={Moll{\'a}, Diego},
  booktitle={Proceedings of the First Workshop on Graph Based Methods for Natural Language Processing},
  pages={37--44},
  year={2006},
  organization={Association for Computational Linguistics}
}

@article{chang2011libsvm,
  title={{LIBSVM}: A library for support vector machines},
  author={Chang, Chih-Chung and Lin, Chih-Jen},
  journal={ACM Transactions on Intelligent Systems and Technology (TIST)},
  volume={2},
  issue={3},
  pages={27:1--27:27},
  year={2011},
  publisher={ACM},
  note={Software available at \url{http://www.csie.ntu.edu.tw/~cjlin/libsvm}}
}

@inproceedings{chen2014fast,
  title={A Fast and Accurate Dependency Parser using Neural Networks.},
  author={Chen, Danqi and Manning, Christopher D},
  booktitle={EMNLP},
  pages={740--750},
  year={2014}
}

@article{andor2016globally,
  title={Globally normalized transition-based neural networks},
  author={Andor, Daniel and Alberti, Chris and Weiss, David and Severyn, Aliaksei and Presta, Alessandro and Ganchev, Kuzman and Petrov, Slav and Collins, Michael},
  journal={arXiv preprint arXiv:1603.06042},
  year={2016}
}

@article{takase2016modeling,
  title={Modeling semantic compositionality of relational patterns},
  author={Takase, Sho and Okazaki, Naoaki and Inui, Kentaro},
  journal={Engineering Applications of Artificial Intelligence},
  volume={50},
  pages={256--264},
  year={2016},
  publisher={Elsevier}
}

@inproceedings{wang2015building,
  title={Building a Semantic Parser Overnight.},
  author={Wang, Yushi and Berant, Jonathan and Liang, Percy and others},
  booktitle={ACL (1)},
  pages={1332--1342},
  year={2015}
}